<record><leader>00000cas a22000007a 4500</leader><controlfield tag="001">30056941</controlfield><controlfield tag="008">940330d1878188ucauwr ne      0    0eng d</controlfield><datafield ind1=" " ind2=" " tag="010"><subfield code="a">sn 93051514 </subfield></datafield><datafield ind1=" " ind2=" " tag="040"><subfield code="a">CUY</subfield><subfield code="b">eng</subfield><subfield code="c">CNK</subfield><subfield code="d">OCLCQ</subfield><subfield code="d">OCLCF</subfield><subfield code="d">OCLCO</subfield></datafield><datafield ind1="1" ind2=" " tag="029"><subfield code="a">AU@</subfield><subfield code="b">000025894020</subfield></datafield><datafield ind1=" " ind2=" " tag="042"><subfield code="a">msc</subfield></datafield><datafield ind1="0" ind2=" " tag="130"><subfield code="a">Santa Barbara independent (Santa Barbara, Calif. : 1878)</subfield></datafield><datafield ind1="0" ind2="0" tag="245"><subfield code="a">Santa Barbara independent.</subfield></datafield><datafield ind1=" " ind2=" " tag="260"><subfield code="a">Santa Barbara, Santa Barbara County, Calif. :</subfield><subfield code="b">F.A. Moore</subfield></datafield><datafield ind1=" " ind2=" " tag="300"><subfield code="a">v.</subfield></datafield><datafield ind1=" " ind2=" " tag="310"><subfield code="a">Weekly,</subfield><subfield code="b">1882</subfield></datafield><datafield ind1=" " ind2=" " tag="321"><subfield code="a">Weekly,</subfield><subfield code="b">Aug. 3, 1878-Aug. 28, 1880</subfield></datafield><datafield ind1=" " ind2=" " tag="321"><subfield code="a">Semiweekly,</subfield><subfield code="b">Sept. 1, 1880-</subfield></datafield><datafield ind1="0" ind2=" " tag="362"><subfield code="a">Vol. 1, no. 1 (Aug. 3, 1878)-</subfield></datafield><datafield ind1=" " ind2="0" tag="651"><subfield code="a">Santa Barbara (Calif.)</subfield><subfield code="v">Newspapers.</subfield></datafield><datafield ind1=" " ind2="7" tag="655"><subfield code="a">Newspapers.</subfield><subfield code="2">fast</subfield><subfield code="0">(OCoLC)fst01423814</subfield></datafield><datafield ind1=" " ind2="7" tag="651"><subfield code="a">California</subfield><subfield code="z">Santa Barbara.</subfield><subfield code="2">fast</subfield><subfield code="0">(OCoLC)fst01205842</subfield></datafield><datafield ind1=" " ind2=" " tag="752"><subfield code="a">United States</subfield><subfield code="b">California</subfield><subfield code="c">Santa Barbara</subfield><subfield code="d">Santa Barbara.</subfield></datafield><datafield ind1="0" ind2=" " tag="775"><subfield code="t">Daily independent (Santa Barbara, Calif.)</subfield><subfield code="w">(DLC)sn 86064442</subfield></datafield></record>